<?xml version="1.0" encoding="UTF-8"?><record xmlns="http://www.loc.gov/MARC21/slim" xmlns:cinclude="http://apache.org/cocoon/include/1.0" xmlns:zs="http://www.loc.gov/zing/srw/">
  <leader>00811nz  a2200181n  4500</leader>
  <controlfield tag="001">no2010196476</controlfield>
  <controlfield tag="003">DLC</controlfield>
  <controlfield tag="005">20101205075324.0</controlfield>
  <controlfield tag="008">101203n| acannaabn          |b aaa     c</controlfield>
  <datafield tag="010" ind1=" " ind2=" ">
    <subfield code="a">no2010196476</subfield>
  </datafield>
  <datafield tag="035" ind1=" " ind2=" ">
    <subfield code="a">(OCoLC)oca08704988</subfield>
  </datafield>
  <datafield tag="040" ind1=" " ind2=" ">
    <subfield code="a">NjP</subfield>
    <subfield code="b">eng</subfield>
    <subfield code="c">NjP</subfield>
  </datafield>
  <datafield tag="100" ind1="1" ind2=" ">
    <subfield code="a">Dhū al-Riyāsatayn al-Ḥusaynī, ʻAbd al-Ṣāḥib</subfield>
  </datafield>
  <datafield tag="400" ind1="1" ind2=" ">
    <subfield code="a">ذو الرياستين الحسيني، عبد الصاحب</subfield>
  </datafield>
  <datafield tag="400" ind1="1" ind2=" ">
    <subfield code="a">Ḥusaynī, ʻAbd al-Ṣāḥib Dhū al-Riyāsatayn</subfield>
  </datafield>
  <datafield tag="400" ind1="1" ind2=" ">
    <subfield code="a">حسيني، عبد الصاحب ذو الرياستين</subfield>
  </datafield>
  <datafield tag="667" ind1=" " ind2=" ">
    <subfield code="a">Non-Latin script references not evaluated.</subfield>
  </datafield>
  <datafield tag="670" ind1=" " ind2=" ">
    <subfield code="a">Li-mādhā nahḍ al-Imām al-Ḥusayn, 1429, 2008 or 2009:</subfield>
    <subfield code="b">v. 1, t.p. (عبد الصاحب ذو الرياستين الحسيني = ʻAbd al-Ṣāḥib Dhū al-Riyāsatayn al-Ḥusaynī)</subfield>
  </datafield>
</record>